@article{paradigms_of_programming,
author = {Floyd, Robert W.},
title = {The Paradigms of Programming},
year = {1979},
issue_date = {Aug. 1979},
publisher = {Association for Computing Machinery},
address = {New York, NY, USA},
volume = {22},
number = {8},
issn = {0001-0782},
url = {https://doi.org/10.1145/359138.359140},
doi = {10.1145/359138.359140},
abstract = {Today I want to talk about the paradigms of programming, how they affect our success as designers of computer programs, how they should be taught, and how they should be embodied in our programming languages.},
journal = {Commun. ACM},
month = {aug},
pages = {455â€“460},
numpages = {6}
}